@report{alex2008,
    author  = "{J. Alex et al.}",
    title   = "Benchmark Simulation Model no. 1 (BSM1)",
    month   = "04",
    year    = "2008",
    institution = "IWA Taskgroup on Benchmarking of Control Stategies for WWTPs",
}

@misc{wastewater,
  author = "Reichl, Gerald",
  title = "WasteWater",
  howpublished = "Website",
  year = "2015",
  month = "11",
  url ="https://github.com/modelica-3rdparty/WasteWater",
  note ="last checked: 01.03.2018",
}
  
@misc{qi,
author = "Wikipedia",
title = "Wastewater quality indicators",
howpublished = "Website",
year = "2018",
month = "03",
url ="https://en.wikipedia.org/wiki/Wastewater_quality_indicators",
note ="last checked: 02.03.2018",
}